

@book{lamport1994latex,
  author =        {Lamport, Leslie},
  publisher =     {Addison-wesley},
  title =         {LATEX: a document preparation system: user's guide
                   and reference manual},
  year =          {1994},
}

